<record><leader>00000cas a2200000 a 4500</leader><controlfield tag="001">36912173</controlfield><controlfield tag="008">970515d19031931oruwr ne      0    0eng c</controlfield><datafield ind1=" " ind2=" " tag="010"><subfield code="a">sn 96088235 </subfield></datafield><datafield ind1=" " ind2=" " tag="040"><subfield code="a">OCN</subfield><subfield code="b">eng</subfield><subfield code="c">OCN</subfield><subfield code="d">OCLCQ</subfield><subfield code="d">ORU</subfield><subfield code="d">DLC</subfield><subfield code="d">ORU</subfield><subfield code="d">OCLCQ</subfield><subfield code="d">ORU</subfield><subfield code="d">OCLCF</subfield><subfield code="d">OCLCO</subfield></datafield><datafield ind1=" " ind2=" " tag="042"><subfield code="a">pcc</subfield></datafield><datafield ind1=" " ind2=" " tag="043"><subfield code="a">n-us-or</subfield></datafield><datafield ind1="0" ind2=" " tag="130"><subfield code="a">Bend bulletin (Bend, Or. : 1903)</subfield></datafield><datafield ind1="1" ind2="4" tag="245"><subfield code="a">The Bend bulletin.</subfield></datafield><datafield ind1=" " ind2=" " tag="260"><subfield code="a">Bend, Or. :</subfield><subfield code="b">M. Lueddemann</subfield></datafield><datafield ind1=" " ind2=" " tag="300"><subfield code="a">v.</subfield></datafield><datafield ind1=" " ind2=" " tag="310"><subfield code="a">Weekly</subfield></datafield><datafield ind1="1" ind2=" " tag="362"><subfield code="a">Began in 1903; ceased in 1931.</subfield></datafield><datafield ind1=" " ind2=" " tag="530"><subfield code="a">Also issued on microfilm from University of Oregon.</subfield></datafield><datafield ind1=" " ind2=" " tag="530"><subfield code="a">Archived issues are available in digital format as part of the Historic Oregon Newspaper online collection.</subfield></datafield><datafield ind1=" " ind2=" " tag="530"><subfield code="a">Also available online.</subfield></datafield><datafield ind1=" " ind2=" " tag="580"><subfield code="a">Daily eds.: Daily bulletin (Bend, Or.), 1916-1917, and: Bend bulletin (Bend, Or. : 1917), 1917-1931.</subfield></datafield><datafield ind1=" " ind2=" " tag="588"><subfield code="a">Description based on: Vol. 1, no. 2 (Mar. 27, 1903).</subfield></datafield><datafield ind1=" " ind2="0" tag="651"><subfield code="a">Bend (Or.)</subfield><subfield code="v">Newspapers.</subfield></datafield><datafield ind1=" " ind2="7" tag="655"><subfield code="a">Newspapers.</subfield><subfield code="2">fast</subfield><subfield code="0">(OCoLC)fst01423814</subfield></datafield><datafield ind1=" " ind2="7" tag="651"><subfield code="a">Oregon</subfield><subfield code="z">Bend.</subfield><subfield code="2">fast</subfield><subfield code="0">(OCoLC)fst01205543</subfield></datafield><datafield ind1=" " ind2=" " tag="752"><subfield code="a">United States</subfield><subfield code="b">Oregon</subfield><subfield code="c">Deschutes</subfield><subfield code="d">Bend.</subfield></datafield><datafield ind1="1" ind2=" " tag="775"><subfield code="t">Daily bulletin (Bend, Or.)</subfield><subfield code="w">(DLC)sn 96088239</subfield><subfield code="w">(OCoLC)36912080</subfield></datafield><datafield ind1="1" ind2=" " tag="775"><subfield code="t">Bend bulletin (Bend, Or. : 1917)</subfield><subfield code="w">(DLC)sn 90051770</subfield><subfield code="w">(OCoLC)22497168</subfield></datafield><datafield ind1="4" ind2="1" tag="856"><subfield code="u">http://oregonnews.uoregon.edu/lccn/sn96088235/issues</subfield></datafield><datafield ind1="4" ind2="1" tag="856"><subfield code="u">http://news.google.com/newspapers?nid=WTSGYGHz1bkC</subfield><subfield code="z">Google News Archive</subfield></datafield></record>